@inproceedings{ahn2014distributed,
    title={Distributed stochastic gradient MCMC},
    author={Ahn, Sungjin and Shahbaba, Babak and Welling, Max},
    booktitle={International conference on machine learning},
    pages={1044--1052},
    year={2014}
}
@inproceedings{patterson2013stochastic,
    title={Stochastic gradient Riemannian Langevin dynamics on the probability simplex},
    author={Patterson, Sam and Teh, Yee Whye},
    booktitle={Advances in Neural Information Processing Systems},
    pages={3102--3110},
    year={2013}
}
@inproceedings{welling2011bayesian,
    title={Bayesian learning via stochastic gradient Langevin dynamics},
    author={Welling, Max and Teh, Yee W},
    booktitle={Proceedings of the 28th International Conference on Machine Learning (ICML-11)},
    pages={681--688},
    year={2011}
}
@article{metropolis1949monte,
  title={The monte carlo method},
  author={Metropolis, Nicholas and Ulam, Stanislaw},
  journal={Journal of the American statistical association},
  volume={44},
  number={247},
  pages={335--341},
  year={1949},
  publisher={Taylor \& Francis Group}
}
@article{blei2003latent,
  title={Latent dirichlet allocation},
  author={Blei, David M and Ng, Andrew Y and Jordan, Michael I},
  journal={Journal of machine Learning research},
  volume={3},
  number={Jan},
  pages={993--1022},
  year={2003}
}
